% -----------------------------------------------------------------------
% File: CogSci_Template.bib
% -----------------------------------------------------------------------

% Modified : Eli M. Silk (esilk at pitt.edu)            05/24/2005
% Modified : David Noelle (dnoelle at ucmerced.edu)     11/19/2014



@book{bruner1986study,
  title={A study of thinking},
  author={Bruner, Jerome Seymour and Goodnow, Jacqueline Jarrett and Austin, George Allen},
  year={1956},
  publisher={Wiley},
  address={New York}
}

@article{jern2013probabilistic,
  title={A probabilistic account of exemplar and category generation},
  author={Jern, Alan and Kemp, Charles},
  journal={Cognitive Psychology},
  volume={66},
  number={1},
  pages={85--125},
  year={2013},
  publisher={Elsevier}
}

@article{shi10,
  title = {Exemplar models as a mechanism for performing {B}ayesian inference},
  author = {L. Shi and T. L. Griffiths and N. H. Feldman and A. N. Sanborn},
  journal = {Psychonomic Bulletin \& Review},
  volume = {17},
  number = {4},
  pages = {443-464},
  year = {2010}
}

@article{kurtz2015human,
  title={Human category learning: Toward a broader explanatory account},
  author={Kurtz, Kenneth J},
  journal={Psychology of Learning and Motivation},
  volume={63},
  pages={77--114},
  year={2015},
  publisher={Academic Press}
}

@article{kurtz2013human,
  title={Human learning of elemental category structures: Revising the classic result of Shepard, Hovland, and Jenkins (1961).},
  author={Kurtz, Kenneth J and Levering, Kimery R and Stanton, Roger D and Romero, Joshua and Morris, Steven N},
  journal={Journal of Experimental Psychology: Learning, Memory, and Cognition},
  volume={39},
  number={2},
  pages={552},
  year={2013},
  publisher={American Psychological Association}
}

@article{luce1977choice,
  title={The choice axiom after twenty years},
  author={Luce, R Duncan},
  journal={Journal of mathematical psychology},
  volume={15},
  number={3},
  pages={215--233},
  year={1977},
  publisher={Academic Press}
}

@article{marsh1999inadvertent,
  title={The inadvertent use of prior knowledge in a generative cognitive task},
  author={Marsh, Richard L and Ward, Thomas B and Landau, Joshua D},
  journal={Memory \& Cognition},
  volume={27},
  number={1},
  pages={94--105},
  year={1999},
  publisher={Springer}
}

@article{minda2011prototype,
  title={Prototype models of categorization: Basic formulation, predictions, and limitations},
  author={Minda, John Paul and Smith, J David},
  journal={Formal approaches in categorization},
  pages={40--64},
  year={2011},
  publisher={Cambridge University Press New York, NY}
}

@article{nelder1965simplex,
  title={A simplex method for function minimization},
  author={Nelder, John A and Mead, Roger},
  journal={The computer journal},
  volume={7},
  number={4},
  pages={308--313},
  year={1965},
  publisher={Br Computer Soc}
}

@article{nosofsky1984choice,
  title={Choice, similarity, and the context theory of classification.},
  author={Nosofsky, Robert M},
  journal={Journal of Experimental Psychology: Learning, Memory, \& Cognition},
  volume={10},
  number={1},
  pages={104},
  year={1984},
  publisher={American Psychological Association}
}

@article{nosofsky1994comparing,
  title={Comparing modes of rule-based classification learning: A replication and extension of Shepard, Hovland, and Jenkins (1961)},
  author={Nosofsky, Robert M and Gluck, Mark A and Palmeri, Thomas J and McKinley, Stephen C and Glauthier, Paul},
  journal={Memory \& Cognition},
  volume={22},
  number={3},
  pages={352--369},
  year={1994},
  publisher={Springer}
}

@article{reed1972pattern,
  title={Pattern recognition and categorization},
  author={Reed, Stephen K},
  journal={Cognitive psychology},
  volume={3},
  number={3},
  pages={382--407},
  year={1972},
  publisher={Elsevier}
}

@article{shepard1961learning,
  title={Learning and memorization of classifications.},
  author={Shepard, Roger N and Hovland, Carl I and Jenkins, Herbert M},
  journal={Psychological Monographs: General and Applied},
  volume={75},
  number={13},
  pages={1},
  year={1961},
  publisher={American Psychological Association}
}

@article{smith1993constraining,
  title={Constraining effects of examples in a creative generation task},
  author={Smith, Steven M and Ward, Thomas B and Schumacher, Jay S},
  journal={Memory \& Cognition},
  volume={21},
  number={6},
  pages={837--845},
  year={1993},
  publisher={Springer}
}

@article{vanpaemel2012using,
  title={Using priors to formalize theory: Optimal attention and the generalized context model},
  author={Vanpaemel, Wolf and Lee, Michael D},
  journal={Psychonomic Bulletin \& Review},
  volume={19},
  number={6},
  pages={1047--1056},
  year={2012},
  publisher={Springer}
}

@article{ward1994structured,
  title={Structured imagination: The role of category structure in exemplar generation},
  author={Ward, Thomas B},
  journal={Cognitive Psychology},
  volume={27},
  number={1},
  pages={1--40},
  year={1994},
  publisher={Elsevier}
}

@article{ward1995s,
  title={Whatâ€™s old about new ideas},
  author={Ward, Thomas B},
  journal={The creative cognition approach},
  pages={157--178},
  year={1995}
}

@article{ward2002role,
  title={The role of graded category structure in imaginative thought},
  author={Ward, Thomas B and Patterson, Merryl J and Sifonis, Cynthia M and Dodds, Rebecca A and Saunders, Katherine N},
  journal={Memory \& Cognition},
  volume={30},
  number={2},
  pages={199--216},
  year={2002},
  publisher={Springer}
}


% -----------------------------------------------------------------------
% Document End
% -----------------------------------------------------------------------
